<record><leader>00000cas a22000007a 4500</leader><controlfield tag="001">10312044</controlfield><controlfield tag="008">840118d18661873njuwr ne      0    0eng d</controlfield><controlfield tag="009">3781</controlfield><datafield ind1=" " ind2=" " tag="010"><subfield code="a">sn 84026166 </subfield></datafield><datafield ind1=" " ind2=" " tag="040"><subfield code="a">NPU</subfield><subfield code="b">eng</subfield><subfield code="c">NPU</subfield><subfield code="d">DLC</subfield><subfield code="d">NPX</subfield><subfield code="d">NPA</subfield><subfield code="d">NJW</subfield><subfield code="d">DLC</subfield><subfield code="d">OCLCQ</subfield><subfield code="d">KRTAS</subfield></datafield><datafield ind1="1" ind2=" " tag="029"><subfield code="a">AU@</subfield><subfield code="b">000026223100</subfield></datafield><datafield ind1=" " ind2=" " tag="042"><subfield code="a">msc</subfield></datafield><datafield ind1="0" ind2="0" tag="050"><subfield code="a">Newspaper</subfield></datafield><datafield ind1="0" ind2="0" tag="245"><subfield code="a">New Jersey courier. Ocean, Monmouth and Burlington fruit grower's guide.</subfield></datafield><datafield ind1="3" ind2="0" tag="246"><subfield code="a">New Jersey courier. Ocean, Monmouth and Burlington fruit-grower</subfield></datafield><datafield ind1="3" ind2="0" tag="246"><subfield code="a">New Jersey courier</subfield></datafield><datafield ind1=" " ind2=" " tag="260"><subfield code="a">Toms River, N.J. :</subfield><subfield code="b">Geo. M. Joy,</subfield><subfield code="c">1866-1873.</subfield></datafield><datafield ind1=" " ind2=" " tag="300"><subfield code="a">v. :</subfield><subfield code="b">ill. (chiefly advertisements)</subfield></datafield><datafield ind1=" " ind2=" " tag="310"><subfield code="a">Weekly</subfield></datafield><datafield ind1="0" ind2=" " tag="362"><subfield code="a">Vol. 16, no. 35 (June 21, 1866)-v. 23, no. 22 (Mar. 20, 1873).</subfield></datafield><datafield ind1=" " ind2=" " tag="500"><subfield code="a">Published as: New Jersey courier. Ocean, Monmouth and Burlington fruit-grower, July 12, 1866-Mar. 20, 1873.</subfield></datafield><datafield ind1=" " ind2=" " tag="500"><subfield code="a">"Ocean, Monmouth and Burlington fruit-grower" appears in title ornament, &lt;1866&gt;.</subfield></datafield><datafield ind1=" " ind2=" " tag="500"><subfield code="a">"Republican."</subfield></datafield><datafield ind1=" " ind2=" " tag="530"><subfield code="a">Also issued on microfilm as part of the Civil War newspapers collection.</subfield></datafield><datafield ind1=" " ind2=" " tag="752"><subfield code="a">United States</subfield><subfield code="b">New Jersey</subfield><subfield code="c">Ocean</subfield><subfield code="d">Toms River.</subfield></datafield><datafield ind1="0" ind2="0" tag="780"><subfield code="t">New Jersey courier. And Ocean County emblem</subfield><subfield code="w">(DLC)sn 85035522</subfield><subfield code="w">(OCoLC)11837340</subfield></datafield><datafield ind1="0" ind2="0" tag="785"><subfield code="t">New Jersey courier</subfield><subfield code="w">(DLC)sn 84020589</subfield><subfield code="w">(OCoLC)11208969</subfield></datafield><datafield ind1=" " ind2=" " tag="938"><subfield code="a">Kirtas Technologies, Inc.</subfield><subfield code="b">KRTS</subfield><subfield code="n">738050</subfield></datafield></record>